@article{beigi2018span,
  title={Span Program for Non-binary Functions},
  author={Beigi, Salman and Taghavi, Leila},
  journal={arXiv preprint arXiv:1805.02714},
  year={2018}
}

@inproceedings{reichardt2009span,
  title={Span programs and quantum query complexity: The general adversary bound is nearly tight for every boolean function},
  author={Reichardt, Ben W},
  booktitle={2009 50th Annual IEEE Symposium on Foundations of Computer Science},
  pages={544--551},
  year={2009},
  organization={IEEE}
}

@book{boyd2004convex,
  title={Convex Optimization},
  author={Boyd, Stephen and Vandenberghe, Lieven},
  year={2004},
  publisher={Cambridge university press}
}